@book{apostol,
    title        = {Calculus: Multi-variable calculus and linear algebra, with
                    applications to differential equations and probability},
    author       = {Apostol, T.M.},
    lccn         = {67014605},
    series       = {Calculus},
    url          = {http://books.google.no/books?id=YCTvAAAAMAAJ},
    year         = {1969},
    publisher    = {Wiley}
}
@book{boggs1985numerical,
    title        = {Numerical Optimization 1984: Proceedings of the Siam
                    Conference on Numerical Optimization, Boulder, Colorado,
                    June 12-14, 1984},
    author       = {Boggs, P.T. and Byrd, R.H. and Schnabel, R.B. and Society
                    for Industrial and Applied Mathematics},
    isbn         = {9780898710540},
    lccn         = {85050611},
    series       = {Proceedings in Applied Mathematics Series},
    year         = {1985},
    publisher    = {Siam}
}
@misc{clp,
    author       = {Forrest, J. and de la Nuez, D. and Lougee-Heimer, R.},
    title        = {Clp User Guide},
    howpublished = {\url{http://www.coin-or.org/Clp/userguide/}},
    year         = {2004}, 
    note         = {Accessed: March 2013}
}
@misc{clppage,
    author       = {Forrest, J. and de la Nuez, D. and Lougee-Heimer, R.},
    title        = {COIN-OR Linear Programming Solver},
    howpublished = {\url{https://projects.coin-or.org/Clp}},
    year         = {2004}, 
    note         = {Accessed: March 2013}
}
@misc{glpk,
    title        = {GLPK (GNU Linear Programming Kit)},
    howpublished = {\url{http://www.gnu.org/software/glpk/}},
    year         = {2012},
    note         = {Accessed: March 2013}
}
@misc{lpsolve,
    title        = {Introduction to lp\_solve 5.5.2.0},
    howpublished = {\url{http://lpsolve.sourceforge.net/5.5/}},
    year         = {2012},
    note         = {Accessed: March 2013}
}
@misc{neos,
    author       = {Gregory, J. W. and Fourer, R.},
    title        = {NEOS Optimization Guide, Linear Programming FAQ},
    howpublished = {\url{http://www.neos-guide.org/lp-faq}},
    year         = {2005}, 
    note         = {Accessed: April 2013}
}
@book{nocedal,
    title        = {Numerical Optimization},
    author       = {Nocedal, J. and Wright, S.J.},
    isbn         = {9780387400655},
    lccn         = {2006923897},
    series       = {Springer Series in Operations Research and Financial
                    Engineering},
    year         = {2006},
    publisher    = {Springer}
}
@article{slp61,
    author       = {Griffith, R. E. and Stewart, R. A.},
    title        = {A Nonlinear Programming Technique for the Optimization of
                    Continuous Processing Systems},
    journal      = {Management Science},
    volume       = {7},
    number       = {4},
    pages        = {379-392},
    publisher    = {INFORMS},
    month        = jul,
    year         = 1961,
}
@book{vanderbei,
    title        = {Linear Programming: Foundations and Extensions},
    author       = {Vanderbei, R.},
    isbn         = {9780387743875},
    lccn         = {2007932884},
    series       = {International Series in Operations Research \& Management
                    Science},
    year         = {2007},
    publisher    = {Springer}
}
